%	In die Kurzdefinitionen (z.B 'Eichler2003') ganz oben dürfen KEINE Umlaute rein!
%	Alles unten sind Beispiele, die ihr löschen könnt
%	Ein Quellenautomat gibts unter http://www.literatur-generator.de/
%	Und bei Wikipediaartikeln unter 'Werkzeuge' -> 'Artikel zitieren'
%	Quellen tauchen nur auf, wenn ihr sie auch im Text zitiert
%	Zitiert wird im Hauptdokument mit \cite{ID}, z.B. \cite{Eichler2005} oder \cite{Weber2013}



@misc{xgboost_loss,
	title={Loss function for XGBoost},
	url={https://machinelearningmastery.com/xgboost-loss-functions/},
	author={Machine Learning Mastery}
} 

@misc{randomsearch,
title={RandomizedSearchCV},
url={https://scikit-learn.org/stable/modules/generated/sklearn.model_selection.RandomizedSearchCV.html}
}
@misc{osm2025,
  author       = {{OpenStreetMap contributors}},
  title        = {{OpenStreetMap data extracted via Overpass Turbo}},
  year         = {2025},
  url          = {https://www.openstreetmap.org},
  note         = {Data accessed on 2025-05-25 via https://overpass-turbo.eu/}
}

@book{book_aicourse,
	title     = {Applied Machine Learning and AI for Engineers},
	author    = {Jeff Prosise},
	year      = {2022},
	publisher = {O'Reilly Media},
	isbn      = {9781492098058},
	}
	
@misc{differencefnnlstm,
title={What is difference between feed forward neural network and LSTM?},
url={https://datascience.stackexchange.com/questions/63079/what-is-difference-between-feed-forward-neural-network-and-lstm},
author = {{Stack Overflow Community}},
year         = {2025},
note         = {Accessed: 2025-10-16},
}


@misc{xgboostparameters,
title={XGBoost Parameters},
url={https://xgboost.readthedocs.io/en/stable/parameter.html#parameters-for-tree-booster}}

@misc{lstm_explanation,
author    = {Rohan Jagtap},
title     = {LSTM Networks — A Detailed Explanation},
year      = {2019},
url       = {https://towardsdatascience.com/lstm-networks-a-detailed-explanation-8fae6aefc7f9},
note      = {Accessed: 2025-10-16},
publisher = {Towards Data Science}
}